
@MISC{URL:XML,
   author    = "Calculo Diferencial",
   note      = {http://ed21.webcindario.com/CalculoDiferencial/metodo_de%20Newton.htm}
}

@MISC{URL:XML,
   author    = "MÃ©todo de Newton",
   note      = {http://metododenewton.wordpress.com/}
}
@MISC{URL:XML,
   author    = "Programa python",
   note      = {tutorias.com/funciones-pythonmetodo-newton-raphson/}
}

@MISC{URL:XML,
   author    = "Series de potencias",
   note      = {ocw.uji.es/material/4929/raw}
}
@MISC{URL:XML,
   author    = "Informe final",
   note      = {http://campusvirtual.ull.es/1314/pluginfile.php/197709/mod_resource/content/2/memte.pdf}
}